@article{beskos2009optimal,
  title={Optimal scalings for local Metropolis-Hastings chains on nonproduct targets in high dimensions},
  author={Beskos, Alexandros and Roberts, Gareth and Stuart, Andrew},
  journal={The Annals of Applied Probability},
  pages={863--898},
  year={2009},
  publisher={JSTOR}
}


@article{trillos2016variational,
  title={A variational approach to the consistency of spectral clustering},
  author={Trillos, Nicol{\'a}s Garc{\'\i}a and Slep{\v{c}}ev, Dejan},
  journal={Applied and Computational Harmonic Analysis},
  year={2016},
  publisher={Elsevier}
}


@article{pillai2011random,
  title={On the random walk Metropolis algorithm for Gaussian random field priors and the gradient flow},
  author={Pillai, Natesh S and Stuart, Andrew M and Thi{\'e}ry, Alexandre H},
  journal={Arxiv preprint},
  year={2011}
}


@article{agapiou2014analysis,
  title={Analysis of the Gibbs sampler for hierarchical inverse problems},
  author={Agapiou, Sergios and Bardsley, Johnathan M and Papaspiliopoulos, Omiros and Stuart, Andrew M},
  journal={SIAM/ASA Journal on Uncertainty Quantification},
  volume={2},
  number={1},
  pages={511--544},
  year={2014},
  publisher={SIAM}
}